<?xml version="1.0" encoding="utf-8"?>
<record xmlns="http://www.loc.gov/MARC21/slim" xmlns:xsi="http://www.w3.org/2001/XMLSchema-instance" xsi:schemaLocation="http://www.loc.gov/MARC21/slim http://www.loc.gov/standards/marcxml/schema/MARC21slim.xsd">
	<leader>
		02188nam a2200397   4500
	</leader>
	<controlfield tag="001">
		002065605
	</controlfield>
	<controlfield tag="003">
		NNU
	</controlfield>
	<controlfield tag="006">
		m        d        
	</controlfield>
	<controlfield tag="007">
		cr cn |||m|||a
	</controlfield>
	<controlfield tag="008">
		160223m19689999iq h    ob    000 0carar 
	</controlfield>
	<datafield ind1=" " ind2=" " tag="040">
		<subfield code="a">
			NNU
		</subfield>
		<subfield code="b">
			eng
		</subfield>
		<subfield code="c">
			NNU
		</subfield>
	</datafield>
	<datafield ind1=" " ind2=" " tag="043">
		<subfield code="a">
			a-iq---
		</subfield>
	</datafield>
	<datafield ind1="0" ind2=" " tag="050">
		<subfield code="a">
			DS51.B3
		</subfield>
		<subfield code="b">
			M84
		</subfield>
	</datafield>
	<datafield ind1=" " ind2=" " tag="066">
		<subfield code="c">
			(3
		</subfield>
	</datafield>
	<datafield ind1=" " ind2=" " tag="090">
		<subfield code="a">
			DS79.9.B25
		</subfield>
		<subfield code="b">
			M85 1968
		</subfield>
	</datafield>
	<datafield ind1="1" ind2=" " tag="100">
		<subfield code="6">
			880-01
		</subfield>
		<subfield code="a">
			Mundhirī, ʻAbd al-ʻAẓīm ibn ʻAbd al-Qawī,
		</subfield>
		<subfield code="d">
			1185-1258.
		</subfield>
	</datafield>
	<datafield ind1="1" ind2="3" tag="245">
		<subfield code="6">
			880-02
		</subfield>
		<subfield code="a">
			al-Takmilah li-wafayāt al-naqalah
		</subfield>
		<subfield code="h">
			[electronic resource] /
		</subfield>
		<subfield code="c">
			Zakī al-Dīn Abū Muḥammad ʻAbd al-ʻAẓīm ibn ʻAbd al-Qawī al-Mundhirī ; ḥaqqaqahu wa-ʻallaqa ʻalayhi Bashshār ʻAwwād Maʻrūf.
		</subfield>
	</datafield>
	<datafield ind1=" " ind2=" " tag="260">
		<subfield code="6">
			880-03
		</subfield>
		<subfield code="a">
			al-Najaf :
		</subfield>
		<subfield code="b">
			Maṭbaʻat al-Ādāb,
		</subfield>
		<subfield code="c">
			1968-
		</subfield>
	</datafield>
	<datafield ind1=" " ind2=" " tag="300">
		<subfield code="a">
			online resource (v.) :
		</subfield>
		<subfield code="b">
			facsims.
		</subfield>
	</datafield>
	<datafield ind1=" " ind2=" " tag="500">
		<subfield code="a">
			Cover title: at-Takmilah liwafayat an-naqalah, von Zaki ad-Din al-Mundhiri.
		</subfield>
	</datafield>
	<datafield ind1=" " ind2=" " tag="500">
		<subfield code="a">
			Part of the Arabic Collections Online (ACO) project, contributed by New York Univeristy Libraries.
		</subfield>
	</datafield>
	<datafield ind1=" " ind2=" " tag="504">
		<subfield code="a">
			Includes bibliographical references.
		</subfield>
	</datafield>
	<datafield ind1=" " ind2=" " tag="533">
		<subfield code="a">
			Electronic reproduction.
		</subfield>
		<subfield code="b">
			New York, N.Y. :
		</subfield>
		<subfield code="c">
			New York University,
		</subfield>
		<subfield code="d">
			2016.
		</subfield>
		<subfield code="5">
			NNU
		</subfield>
	</datafield>
	<datafield ind1=" " ind2="0" tag="651">
		<subfield code="a">
			Baghdad (Iraq)
		</subfield>
		<subfield code="v">
			Biography.
		</subfield>
	</datafield>
	<datafield ind1="1" ind2=" " tag="700">
		<subfield code="6">
			880-04
		</subfield>
		<subfield code="a">
			Maʻrūf, Bashshār ʻAwwād.
		</subfield>
	</datafield>
	<datafield ind1="2" ind2=" " tag="710">
		<subfield code="a">
			New York University.
		</subfield>
		<subfield code="b">
			Libraries.
		</subfield>
	</datafield>
	<datafield ind1="0" ind2=" " tag="730">
		<subfield code="a">
			Arabic Collections Online.
		</subfield>
	</datafield>
	<datafield ind1="0" ind2=" " tag="740">
		<subfield code="a">
			Takmilah liwafayat an-naqalah.
		</subfield>
	</datafield>
	<datafield ind1="0" ind2="8" tag="776">
		<subfield code="i">
			Print version:
		</subfield>
		<subfield code="a">
			Mundhirī, ʻAbd al-ʻAẓīm ibn ʻAbd al-Qawī, 1185-1258.
		</subfield>
		<subfield code="t">
			al-Takmilah li-wafayāt al-naqalah
		</subfield>
		<subfield code="w">
			(NNU)002065605
		</subfield>
		<subfield code="w">
			(DLC)79235910 /NE
		</subfield>
	</datafield>
	<datafield ind1="4" ind2="0" tag="856">
		<subfield code="u">
			http://hdl.handle.net/2333.1/6m905tq8
		</subfield>
	</datafield>
	<datafield ind1="0" ind2=" " tag="880">
		<subfield code="6">
			100-01/
		</subfield>
		<subfield code="a">
			زكي الدين ابو محمد عبد العظيم ابن عبد القوي المنذري.
		</subfield>
	</datafield>
	<datafield ind1="1" ind2="2" tag="880">
		<subfield code="6">
			245-02/
		</subfield>
		<subfield code="a">
			التكملة لوفايات نقله /
		</subfield>
		<subfield code="c">
			زكي الدين ابو محمد عبد العظيم ابن عبد القوي المنذري ؛ حققه وعلق عليه بشار عواد معروف.
		</subfield>
	</datafield>
	<datafield ind1=" " ind2=" " tag="880">
		<subfield code="6">
			260-03/
		</subfield>
		<subfield code="a">
			النجف :
		</subfield>
		<subfield code="b">
			مطعة الىداب،
		</subfield>
		<subfield code="c">
			١٩٦٨-
		</subfield>
	</datafield>
	<datafield ind1="1" ind2=" " tag="880">
		<subfield code="6">
			700-04/
		</subfield>
		<subfield code="a">
			معروف، بشار عواد.
		</subfield>
	</datafield>
	<datafield ind1=" " ind2=" " tag="959">
		<subfield code="a">
			NNU
		</subfield>
		<subfield code="b">
			WEB
		</subfield>
		<subfield code="c">
			GENI
		</subfield>
		<subfield code="t">
			0
		</subfield>
		<subfield code="m">
			Electronic access
		</subfield>
		<subfield code="s">
			01
		</subfield>
	</datafield>
	<datafield ind1=" " ind2=" " tag="999">
		<subfield code="i">
			NNU_002065605
		</subfield>
		<subfield code="s">
			nyu_aco001736:v.1
		</subfield>
		<subfield code="s">
			nyu_aco001737:v.2
		</subfield>
		<subfield code="s">
			nyu_aco001738:v.5
		</subfield>
		<subfield code="s">
			nyu_aco001739:v.6
		</subfield>
	</datafield>
</record>
